@inproceedings{pan2024lost,
  title={Lost in translation: A study of bugs introduced by large language models while translating code},
  author={Pan, Rangeet and Ibrahimzada, Ali Reza and Krishna, Rahul and Sankar, Divya and Wassi, Lambert Pouguem and Merler, Michele and Sobolev, Boris and Pavuluri, Raju and Sinha, Saurabh and Jabbarvand, Reyhaneh},
  booktitle={Proceedings of the IEEE/ACM 46th International Conference on Software Engineering},
  pages={1--13},
  year={2024}
}

@article{sun2024survey,
  title={A survey of neural code intelligence: Paradigms, advances and beyond},
  author={Sun, Qiushi and Chen, Zhirui and Xu, Fangzhi and Cheng, Kanzhi and Ma, Chang and Yin, Zhangyue and Wang, Jianing and Han, Chengcheng and Zhu, Renyu and Yuan, Shuai and others},
  journal={arXiv preprint arXiv:2403.14734},
  year={2024}
}

@article{eniser2024towards,
  title={Towards Translating Real-World Code with LLMs: A Study of Translating to Rust},
  author={Eniser, Hasan Ferit and Zhang, Hanliang and David, Cristina and Wang, Meng and Paulsen, Brandon and Dodds, Joey and Kroening, Daniel},
  journal={arXiv preprint arXiv:2405.11514},
  year={2024}
}

@article{dou2024s,
  title={What's Wrong with Your Code Generated by Large Language Models? An Extensive Study},
  author={Dou, Shihan and Jia, Haoxiang and Wu, Shenxi and Zheng, Huiyuan and Zhou, Weikang and Wu, Muling and Chai, Mingxu and Fan, Jessica and Huang, Caishuang and Tao, Yunbo and others},
  journal={arXiv preprint arXiv:2407.06153},
  year={2024}
}

@article{szafraniec2022code,
  title={Code translation with compiler representations},
  author={Szafraniec, Marc and Roziere, Baptiste and Leather, Hugh and Charton, Francois and Labatut, Patrick and Synnaeve, Gabriel},
  journal={arXiv preprint arXiv:2207.03578},
  year={2022}
}

@techreport{aggarwal2015using,
  title={Using machine translation for converting python 2 to python 3 code},
  author={Aggarwal, Karan and Salameh, Mohammad and Hindle, Abram},
  year={2015},
  institution={PeerJ PrePrints}
}

@inproceedings{nguyen2013lexical,
  title={Lexical statistical machine translation for language migration},
  author={Nguyen, Anh Tuan and Nguyen, Tung Thanh and Nguyen, Tien N},
  booktitle={Proceedings of the 2013 9th Joint Meeting on Foundations of Software Engineering},
  pages={651--654},
  year={2013}
}

@inproceedings{nguyen2014migrating,
  title={Migrating code with statistical machine translation},
  author={Nguyen, Anh Tuan and Nguyen, Tung Thanh and Nguyen, Tien N},
  booktitle={Companion Proceedings of the 36th International Conference on Software Engineering},
  pages={544--547},
  year={2014}
}

@inproceedings{mossienko2003automated,
  title={Automated COBOL to Java recycling},
  author={Mossienko, Maxim},
  booktitle={Seventh European Conference onSoftware Maintenance and Reengineering, 2003. Proceedings.},
  pages={40--50},
  year={2003},
  organization={IEEE}
}

@article{hassan2005lightweight,
  title={A lightweight approach for migrating web frameworks},
  author={Hassan, Ahmed E and Holt, Richard C},
  journal={Information and Software Technology},
  volume={47},
  number={8},
  pages={521--532},
  year={2005},
  publisher={Elsevier}
}

@inproceedings{bartolomei2010swing,
  title={Swing to SWT and back: Patterns for API migration by wrapping},
  author={Bartolomei, Thiago Tonelli and Czarnecki, Krzysztof and L{\"a}mmel, Ralf},
  booktitle={2010 IEEE International Conference on Software Maintenance},
  pages={1--10},
  year={2010},
  organization={IEEE}
}

@inproceedings{zhong2010mining,
  title={Mining API mapping for language migration},
  author={Zhong, Hao and Thummalapenta, Suresh and Xie, Tao and Zhang, Lu and Wang, Qing},
  booktitle={Proceedings of the 32nd ACM/IEEE International Conference on Software Engineering-Volume 1},
  pages={195--204},
  year={2010}
}

@inproceedings{nguyen2014statistical,
  title={Statistical learning approach for mining API usage mappings for code migration},
  author={Nguyen, Anh Tuan and Nguyen, Hoan Anh and Nguyen, Tung Thanh and Nguyen, Tien N},
  booktitle={Proceedings of the 29th ACM/IEEE international conference on Automated software engineering},
  pages={457--468},
  year={2014}
}

@article{gu2017deepam,
  title={DeepAM: Migrate APIs with multi-modal sequence to sequence learning},
  author={Gu, Xiaodong and Zhang, Hongyu and Zhang, Dongmei and Kim, Sunghun},
  journal={arXiv preprint arXiv:1704.07734},
  year={2017}
}

@article{xie2023data,
  title={Data Augmentation for Code Translation with Comparable Corpora and Multiple References},
  author={Xie, Yiqing and Naik, Atharva and Fried, Daniel and Rose, Carolyn},
  journal={arXiv preprint arXiv:2311.00317},
  year={2023}
}

@article{ren2020codebleu,
  title={Codebleu: a method for automatic evaluation of code synthesis},
  author={Ren, Shuo and Guo, Daya and Lu, Shuai and Zhou, Long and Liu, Shujie and Tang, Duyu and Sundaresan, Neel and Zhou, Ming and Blanco, Ambrosio and Ma, Shuai},
  journal={arXiv preprint arXiv:2009.10297},
  year={2020}
}



@article{bahdanau2014neural,
  title={Neural machine translation by jointly learning to align and translate},
  author={Bahdanau, Dzmitry},
  journal={arXiv preprint arXiv:1409.0473},
  year={2014}
}

@article{chen2018tree,
  title={Tree-to-tree neural networks for program translation},
  author={Chen, Xinyun and Liu, Chang and Song, Dawn},
  journal={Advances in neural information processing systems},
  volume={31},
  year={2018}
}

@article{artetxe2018unsupervised,
  title={Unsupervised statistical machine translation},
  author={Artetxe, Mikel and Labaka, Gorka and Agirre, Eneko},
  journal={arXiv preprint arXiv:1809.01272},
  year={2018}
}

@article{devlin2018bert,
  title={Bert: Pre-training of deep bidirectional transformers for language understanding},
  author={Devlin, Jacob},
  journal={arXiv preprint arXiv:1810.04805},
  year={2018}
}

@article{feng2020codebert,
  title={Codebert: A pre-trained model for programming and natural languages},
  author={Feng, Zhangyin and Guo, Daya and Tang, Duyu and Duan, Nan and Feng, Xiaocheng and Gong, Ming and Shou, Linjun and Qin, Bing and Liu, Ting and Jiang, Daxin and others},
  journal={arXiv preprint arXiv:2002.08155},
  year={2020}
}

@article{guo2020graphcodebert,
  title={Graphcodebert: Pre-training code representations with data flow},
  author={Guo, Daya and Ren, Shuo and Lu, Shuai and Feng, Zhangyin and Tang, Duyu and Liu, Shujie and Zhou, Long and Duan, Nan and Svyatkovskiy, Alexey and Fu, Shengyu and others},
  journal={arXiv preprint arXiv:2009.08366},
  year={2020}
}

@article{ahmad2021unified,
  title={Unified pre-training for program understanding and generation},
  author={Ahmad, Wasi Uddin and Chakraborty, Saikat and Ray, Baishakhi and Chang, Kai-Wei},
  journal={arXiv preprint arXiv:2103.06333},
  year={2021}
}

@article{guo2022unixcoder,
  title={Unixcoder: Unified cross-modal pre-training for code representation},
  author={Guo, Daya and Lu, Shuai and Duan, Nan and Wang, Yanlin and Zhou, Ming and Yin, Jian},
  journal={arXiv preprint arXiv:2203.03850},
  year={2022}
}

@inproceedings{zheng2023codegeex,
  title={Codegeex: A pre-trained model for code generation with multilingual benchmarking on humaneval-x},
  author={Zheng, Qinkai and Xia, Xiao and Zou, Xu and Dong, Yuxiao and Wang, Shan and Xue, Yufei and Shen, Lei and Wang, Zihan and Wang, Andi and Li, Yang and others},
  booktitle={Proceedings of the 29th ACM SIGKDD Conference on Knowledge Discovery and Data Mining},
  pages={5673--5684},
  year={2023}
}



@article{lano2024using,
  title={Using model-driven engineering to automate software language translation},
  author={Lano, Kevin and Siala, Hanan},
  journal={Automated Software Engineering},
  volume={31},
  number={1},
  pages={20},
  year={2024},
  publisher={Springer}
}

@article{nitin2024spectra,
  title={SpecTra: Enhancing the Code Translation Ability of Language Models by Generating Multi-Modal Specifications},
  author={Nitin, Vikram and Ray, Baishakhi},
  journal={arXiv preprint arXiv:2405.18574},
  year={2024}
}


@article{khan2023xcodeeval,
  title={xcodeeval: A large scale multilingual multitask benchmark for code understanding, generation, translation and retrieval},
  author={Khan, Mohammad Abdullah Matin and Bari, M Saiful and Do, Xuan Long and Wang, Weishi and Parvez, Md Rizwan and Joty, Shafiq},
  journal={arXiv preprint arXiv:2303.03004},
  year={2023}
}

@article{lu2021codexglue,
  title={Codexglue: A machine learning benchmark dataset for code understanding and generation},
  author={Lu, Shuai and Guo, Daya and Ren, Shuo and Huang, Junjie and Svyatkovskiy, Alexey and Blanco, Ambrosio and Clement, Colin and Drain, Dawn and Jiang, Daxin and Tang, Duyu and others},
  journal={arXiv preprint arXiv:2102.04664},
  year={2021}
}

@article{zhu2022xlcost,
  title={Xlcost: A benchmark dataset for cross-lingual code intelligence},
  author={Zhu, Ming and Jain, Aneesh and Suresh, Karthik and Ravindran, Roshan and Tipirneni, Sindhu and Reddy, Chandan K},
  journal={arXiv preprint arXiv:2206.08474},
  year={2022}
}

@article{lachaux2020transcoder,
  title={Unsupervised translation of programming languages},
  author={Lachaux, Marie-Anne and Roziere, Baptiste and Chanussot, Lowik and Lample, Guillaume},
  journal={arXiv preprint arXiv:2006.03511},
  year={2020}
}

@misc{humanevalx,
      title={humaneval-x},
      year={2022},
      howpublished = {\url{https://huggingface.co/datasets/THUDM/humaneval-x}}
}

@inproceedings{jiao2023GTransEval,
  title={On the evaluation of neural code translation: Taxonomy and benchmark},
  author={Jiao, Mingsheng and Yu, Tingrui and Li, Xuan and Qiu, Guanjie and Gu, Xiaodong and Shen, Beijun},
  booktitle={2023 38th IEEE/ACM International Conference on Automated Software Engineering (ASE)},
  pages={1529--1541},
  year={2023},
  organization={IEEE}
}

@inproceedings{rithy2022xtest,
  title={XTest: A Parallel Multilingual Corpus with Test Cases for Code Translation and Its Evaluation},
  author={Rithy, Israt Jahan and Shakil, Hasib Hossain and Mondal, Niloy and Sultana, Fatema and Shah, Faisal Muhammad},
  booktitle={2022 25th International Conference on Computer and Information Technology (ICCIT)},
  pages={623--628},
  year={2022},
  organization={IEEE}
}

@inproceedings{Zhu2022CoST,
  title={Multilingual Code Snippets Training for Program Translation},
  author={Ming-Yuan Zhu and Karthik Suresh and Chandan K. Reddy},
  booktitle={AAAI Conference on Artificial Intelligence},
  year={2022},
  url={https://api.semanticscholar.org/CorpusID:245216916}
}

@article{abidgluetest,
  title={GlueTest: Testing Code Translation via Language Interoperability},
  author={Abid, Muhammad Salman and Pawagi, Mrigank and Adhikari, Sugam and Cheng, Xuyan and Badr, Ryed and Wahiduzzaman, Md and Rathi, Vedant and Qi, Ronghui and Li, Choiyin and Liu10, Lu and others}
}



@article{puri2021codenet,
  title={Codenet: A large-scale ai for code dataset for learning a diversity of coding tasks},
  author={Puri, Ruchir and Kung, David S and Janssen, Geert and Zhang, Wei and Domeniconi, Giacomo and Zolotov, Vladimir and Dolby, Julian and Chen, Jie and Choudhury, Mihir and Decker, Lindsey and others},
  journal={arXiv preprint arXiv:2105.12655},
  year={2021}
}

@article{ahmad2021avatar,
  title={Avatar: A parallel corpus for java-python program translation},
  author={Ahmad, Wasi Uddin and Tushar, Md Golam Rahman and Chakraborty, Saikat and Chang, Kai-Wei},
  journal={arXiv preprint arXiv:2108.11590},
  year={2021}
}

@article{liu2024evalplus,
  title={Is your code generated by chatgpt really correct? rigorous evaluation of large language models for code generation},
  author={Liu, Jiawei and Xia, Chunqiu Steven and Wang, Yuyao and Zhang, Lingming},
  journal={Advances in Neural Information Processing Systems},
  volume={36},
  year={2024}
}

@article{yan2023codescope,
  title={Codescope: An execution-based multilingual multitask multidimensional benchmark for evaluating llms on code understanding and generation},
  author={Yan, Weixiang and Liu, Haitian and Wang, Yunkun and Li, Yunzhe and Chen, Qian and Wang, Wen and Lin, Tingyu and Zhao, Weishan and Zhu, Li and Deng, Shuiguang and others},
  journal={arXiv preprint arXiv:2311.08588},
  year={2023}
}

@article{yan2023codetransocean,
  title={Codetransocean: A comprehensive multilingual benchmark for code translation},
  author={Yan, Weixiang and Tian, Yuchen and Li, Yunzhe and Chen, Qian and Wang, Wen},
  journal={arXiv preprint arXiv:2310.04951},
  year={2023}
}



@misc{openai2023gpt4,
      title={GPT-4 Technical Report}, 
      author={OpenAI},
      year={2023},
      eprint={2303.08774},
      archivePrefix={arXiv},
      primaryClass={cs.CL}
}

@misc{Claude,
  title={The Claude 3 Model Family: Opus, Sonnet, Haiku},
  author={Anthropic},
  url={https://api.semanticscholar.org/CorpusID:268232499}
}

@misc{deepseekv2,
      title={DeepSeek-V2: A Strong, Economical, and Efficient Mixture-of-Experts Language Model}, 
      author={DeepSeek-AI},
      year={2024},
      eprint={2405.04434},
      archivePrefix={arXiv},
      primaryClass={cs.CL}
}

@article{llama3,
  title={The llama 3 herd of models},
  author={Dubey, Abhimanyu and Jauhri, Abhinav and Pandey, Abhinav and Kadian, Abhishek and Al-Dahle, Ahmad and Letman, Aiesha and Mathur, Akhil and Schelten, Alan and Yang, Amy and Fan, Angela and others},
  journal={arXiv preprint arXiv:2407.21783},
  year={2024}
}




@misc{Llama-3.1-8B-Instruct,
      title={Llama-3.1-8B-Instruct},
      author={Meta},
      year={2024},
      howpublished = {\url{https://huggingface.co/meta-llama/Meta-Llama-3.1-8B-Instruct}}
}

@misc{Llama-3.1-70B-Instruct,
      title={Llama-3.1-70B-Instruct},
      author={Meta},
      year={2024},
      howpublished = {\url{https://huggingface.co/meta-llama/Meta-Llama-3.1-70B-Instruct}}
}

@misc{Llama-3.1-405B-Instruct,
      title={Llama-3.1-405B-Instruct},
      author={Meta},
      year={2024},
      howpublished = {\url{https://huggingface.co/meta-llama/Meta-Llama-3.1-405B-Instruct}}
}

@misc{gpt-3-5-turbo,
      title={gpt-3-5-turbo},
      author={Openai},
      year={2023},
      howpublished = {\url{https://platform.openai.com/docs/models}}
}

@misc{gpt-4-0125-preview,
      title={gpt-4-0125-preview},
      author={Openai},
      year={2024},
      howpublished = {\url{https://platform.openai.com/docs/models}}
}

@misc{gpt-4o,
      title={gpt-4o},
      author={Openai},
      year={2024},
      howpublished = {\url{https://platform.openai.com/docs/models}}
}

@misc{claude-3-5-sonnet,
      title={claude-3-5-sonnet},
      author={Anthropic},
      year={2024},
      howpublished = {\url{https://www.anthropic.com/news/claude-3-5-sonnet}}
}


@misc{ANTLR,
      title={ANTLR},
      year={2024},
      howpublished = {\url{https://www.antlr.org/}}
}

@misc{Babel,
      title={Babel},
      year={2024},
      howpublished = {\url{https://babeljs.io/}}
}

@misc{Emscripten,
      title={Emscripten},
      year={2024},
      howpublished = {\url{https://emscripten.org/}}
}

@misc{JSweet,
      title={JSweet},
      year={2024},
      howpublished = {\url{https://www.jsweet.org/}}
}

@misc{GWT,
      title={GWT},
      year={2024},
      howpublished = {\url{https://www.gwtproject.org/overview.html}}
}

@misc{CxGo,
      title={CxGo},
      year={2024},
      howpublished = {\url{https://github.com/gotranspile/cxgo}}
}

@misc{c2rust,
      title={c2rust},
      year={2024},
      howpublished = {\url{https://github.com/immunant/c2rust}}
}

@misc{JavaToCSharp,
      title={JavaToCSharp},
      year={2024},
      howpublished = {\url{https://github.com/paulirwin/JavaToCSharp}}
}

@misc{Haxe,
      title={Haxe},
      year={2024},
      howpublished = {\url{https://haxe.org/}}
}

@misc{SWIG,
      title={SWIG},
      year={2024},
      howpublished = {\url{https://swig.org/}}
}

@article{li2023starcoder,
  title={Starcoder: may the source be with you!},
  author={Li, Raymond and Allal, Loubna Ben and Zi, Yangtian and Muennighoff, Niklas and Kocetkov, Denis and Mou, Chenghao and Marone, Marc and Akiki, Christopher and Li, Jia and Chim, Jenny and others},
  journal={arXiv preprint arXiv:2305.06161},
  year={2023}
}

@article{lozhkov2024starcoder,
  title={Starcoder 2 and the stack v2: The next generation},
  author={Lozhkov, Anton and Li, Raymond and Allal, Loubna Ben and Cassano, Federico and Lamy-Poirier, Joel and Tazi, Nouamane and Tang, Ao and Pykhtar, Dmytro and Liu, Jiawei and Wei, Yuxiang and others},
  journal={arXiv preprint arXiv:2402.19173},
  year={2024}
}

@article{allal2023santacoder,
  title={SantaCoder: don't reach for the stars!},
  author={Allal, Loubna Ben and Li, Raymond and Kocetkov, Denis and Mou, Chenghao and Akiki, Christopher and Ferrandis, Carlos Munoz and Muennighoff, Niklas and Mishra, Mayank and Gu, Alex and Dey, Manan and others},
  journal={arXiv preprint arXiv:2301.03988},
  year={2023}
}

@article{nijkamp2022codegen,
  title={Codegen: An open large language model for code with multi-turn program synthesis},
  author={Nijkamp, Erik and Pang, Bo and Hayashi, Hiroaki and Tu, Lifu and Wang, Huan and Zhou, Yingbo and Savarese, Silvio and Xiong, Caiming},
  journal={arXiv preprint arXiv:2203.13474},
  year={2022}
}

@article{wang2021codet5,
  title={Codet5: Identifier-aware unified pre-trained encoder-decoder models for code understanding and generation},
  author={Wang, Yue and Wang, Weishi and Joty, Shafiq and Hoi, Steven CH},
  journal={arXiv preprint arXiv:2109.00859},
  year={2021}
}

@article{chen2021evaluating,
  title={Evaluating large language models trained on code},
  author={Chen, Mark and Tworek, Jerry and Jun, Heewoo and Yuan, Qiming and Pinto, Henrique Ponde De Oliveira and Kaplan, Jared and Edwards, Harri and Burda, Yuri and Joseph, Nicholas and Brockman, Greg and others},
  journal={arXiv preprint arXiv:2107.03374},
  year={2021}
}

@article{llama,
  title={Llama: Open and efficient foundation language models},
  author={Touvron, Hugo and Lavril, Thibaut and Izacard, Gautier and Martinet, Xavier and Lachaux, Marie-Anne and Lacroix, Timoth{\'e}e and Rozi{\`e}re, Baptiste and Goyal, Naman and Hambro, Eric and Azhar, Faisal and others},
  journal={arXiv preprint arXiv:2302.13971},
  year={2023}
}

@article{llama2,
  title={Llama 2: Open foundation and fine-tuned chat models},
  author={Touvron, Hugo and Martin, Louis and Stone, Kevin and Albert, Peter and Almahairi, Amjad and Babaei, Yasmine and Bashlykov, Nikolay and Batra, Soumya and Bhargava, Prajjwal and Bhosale, Shruti and others},
  journal={arXiv preprint arXiv:2307.09288},
  year={2023}
}

@misc{apachecommonscli,
      title={Apache Commons CLI},
      year={2023},
      howpublished = {\url{https://commons.apache.org/proper/commons-cli/}}
}

@misc{click,
      title={Click},
      year={2023},
      howpublished = {\url{https://click.palletsprojects.com/en/8.1.x/}}
}


@misc{tree-sitter,
      title={tree-sitter},
      year={2024},
      howpublished = {\url{https://tree-sitter.github.io/}}
}

@misc{the-stack,
      title={the-stack},
      year={2023},
      howpublished = {\url{https://huggingface.co/datasets/bigcode/the-stack}}
}

@misc{the-stack-v2,
      title={the-stack-v2},
      year={2024},
      howpublished = {\url{https://huggingface.co/datasets/bigcode/the-stack-v2}}
}

@misc{github-rest-api,
      title={github-rest-api},
      year={2024},
      howpublished = {\url{https://docs.github.com/en/rest}}
}

@misc{TIOBE-Index,
      title={TIOBE-Index},
      year={2024},
      howpublished = {\url{https://www.tiobe.com/tiobe-index/}}
}

@misc{Hugging-Face,
      title={Hugging-Face},
      year={2024},
      howpublished = {\url{https://huggingface.co/}}
}

@misc{pytorch,
      title={pytorch},
      year={2024},
      howpublished = {\url{https://pytorch.org/}}
}

@misc{tensorflow,
      title={tensorflow},
      year={2024},
      howpublished = {\url{https://www.tensorflow.org/}}
}

@misc{nltk,
      title={nltk},
      year={2024},
      howpublished = {\url{https://www.nltk.org/}}
}

@misc{scikit-learn,
      title={scikit-learn},
      year={2024},
      howpublished = {\url{https://scikit-learn.org/stable/index.html}}
}

@misc{jupyter,
      title={jupyter},
      year={2024},
      howpublished = {\url{https://jupyter.org/}}
}

@misc{seaborn,
      title={seaborn},
      year={2024},
      howpublished = {\url{https://seaborn.pydata.org/}}
}

@misc{matplotlib,
      title={matplotlib},
      year={2024},
      howpublished = {\url{https://matplotlib.org/}}
}

@misc{numpy,
      title={numpy},
      year={2024},
      howpublished = {\url{https://numpy.org/}}
}

@misc{maven,
      title={maven},
      year={2024},
      howpublished = {\url{https://maven.apache.org/}}
}

@misc{docker,
      title={docker},
      year={2024},
      howpublished = {\url{https://www.docker.com/}}
}


@inproceedings{papineni2002bleu,
  title={Bleu: a method for automatic evaluation of machine translation},
  author={Papineni, Kishore and Roukos, Salim and Ward, Todd and Zhu, Wei-Jing},
  booktitle={Proceedings of the 40th annual meeting of the Association for Computational Linguistics},
  pages={311--318},
  year={2002}
}

@article{barone2017parallel,
  title={A parallel corpus of python functions and documentation strings for automated code documentation and code generation},
  author={Barone, Antonio Valerio Miceli and Sennrich, Rico},
  journal={arXiv preprint arXiv:1707.02275},
  year={2017}
}

@inproceedings{karaivanov2014phrase,
  title={Phrase-based statistical translation of programming languages},
  author={Karaivanov, Svetoslav and Raychev, Veselin and Vechev, Martin},
  booktitle={Proceedings of the 2014 ACM international symposium on new ideas, new paradigms, and reflections on programming \& software},
  pages={173--184},
  year={2014}
}

@misc{geeksforgeeks,
      title={geeksforgeeks},
      year={2024},
      howpublished = {\url{https://www.geeksforgeeks.org/}}
}

@misc{aizu,
      title={aizu},
      year={2024},
      howpublished = {\url{https://onlinejudge.u-aizu.ac.jp}}
}

@misc{atcoder,
      title={atcoder},
      year={2024},
      howpublished = {\url{https://atcoder.jp/}}
}

@misc{GoogleCodeJam,
      title={GoogleCodeJam},
      year={2024},
      howpublished = {\url{https://codingcompetitionsonair.withgoogle.com/}}
}

@misc{Codeforces,
      title={Codeforces},
      year={2024},
      howpublished = {\url{https://codeforces.com/}}
}

@misc{LeetCode,
      title={LeetCode},
      year={2024},
      howpublished = {\url{https://leetcode.com/}}
}

@misc{ProjectEuler,
      title={ProjectEuler},
      year={2024},
      howpublished = {\url{https://projecteuler.net/}}
}

@misc{github,
      title={github},
      year={2024},
      howpublished = {\url{https://github.com/}}
}

@article{humaneval,
  title={Evaluating large language models trained on code},
  author={Chen, Mark and Tworek, Jerry and Jun, Heewoo and Yuan, Qiming and Pinto, Henrique Ponde De Oliveira and Kaplan, Jared and Edwards, Harri and Burda, Yuri and Joseph, Nicholas and Brockman, Greg and others},
  journal={arXiv preprint arXiv:2107.03374},
  year={2021}
}

@misc{dotnetsamples,
      title={dotnetsamples},
      year={2024},
      howpublished = {\url{https://learn.microsoft.com/en-us/samples/dotnet/try-samples/101-linqsamples/}}
}

@misc{rosettacode,
      title={rosettacode},
      year={2024},
      howpublished = {\url{https://rosettacode.org/wiki/Rosetta_Code}}
}

@misc{d2lai,
      title={d2lai},
      year={2024},
      howpublished = {\url{https://github.com/d2l-ai/d2l-zh}}
}

@inproceedings{koehn2007moses,
  title={Moses: Open source toolkit for statistical machine translation},
  author={Koehn, Philipp and Hoang, Hieu and Birch, Alexandra and Callison-Burch, Chris and Federico, Marcello and Bertoldi, Nicola and Cowan, Brooke and Shen, Wade and Moran, Christine and Zens, Richard and others},
  booktitle={Proceedings of the 45th annual meeting of the association for computational linguistics companion volume proceedings of the demo and poster sessions},
  pages={177--180},
  year={2007},
  organization={Association for Computational Linguistics}
}

@inproceedings{zheng2017maximum,
  title={Maximum Expected Likelihood Estimation for Zero-resource Neural Machine Translation.},
  author={Zheng, Hao and Cheng, Yong and Liu, Yang},
  booktitle={IJCAI},
  pages={4251--4257},
  year={2017}
}

@article{yin2024rectifier,
  title={Rectifier: Code Translation with Corrector via LLMs},
  author={Yin, Xin and Ni, Chao and Nguyen, Tien N and Wang, Shaohua and Yang, Xiaohu},
  journal={arXiv preprint arXiv:2407.07472},
  year={2024}
}

@article{yang2024vert,
  title={Vert: Verified equivalent rust transpilation with few-shot learning},
  author={Yang, Aidan ZH and Takashima, Yoshiki and Paulsen, Brandon and Dodds, Josiah and Kroening, Daniel},
  journal={arXiv preprint arXiv:2404.18852},
  year={2024}
}

@article{bhattarai2024enhancing,
  title={Enhancing Code Translation in Language Models with Few-Shot Learning via Retrieval-Augmented Generation},
  author={Bhattarai, Manish and Santos, Javier E and Jones, Shawn and Biswas, Ayan and Alexandrov, Boian and O'Malley, Daniel},
  journal={arXiv preprint arXiv:2407.19619},
  year={2024}
}

@article{yuan2024transagent,
  title={TRANSAGENT: An LLM-Based Multi-Agent System for Code Translation},
  author={Yuan, Zhiqiang and Chen, Weitong and Wang, Hanlin and Yu, Kai and Peng, Xin and Lou, Yiling},
  journal={arXiv preprint arXiv:2409.19894},
  year={2024}
}

@article{shiraishi2024context,
  title={Context-aware Code Segmentation for C-to-Rust Translation using Large Language Models},
  author={Shiraishi, Momoko and Shinagawa, Takahiro},
  journal={arXiv preprint arXiv:2409.10506},
  year={2024}
}

@article{karanjai2024teaching,
  title={Teaching Machines to Code: Smart Contract Translation with LLMs},
  author={Karanjai, Rabimba and Xu, Lei and Shi, Weidong},
  journal={arXiv preprint arXiv:2403.09740},
  year={2024}
}

@misc{solidity,
      title={solidity},
      year={2024},
      howpublished = {\url{https://soliditylang.org/}}
}

@misc{move,
      title={move},
      year={2024},
      howpublished = {\url{https://github.com/move-language/move}}
}

@article{yang2024cctrans,
  title={CCTrans: A Java-to-JavaScript Translation with Concurrency Runtime},
  author={Yang, Wenzhang and Guo, Yan and Xue, Yinxing},
  year={2024}
}

@article{yang2024UniTrans,
  title={Exploring and unleashing the power of large language models in automated code translation},
  author={Yang, Zhen and Liu, Fang and Yu, Zhongxing and Keung, Jacky Wai and Li, Jia and Liu, Shuo and Hong, Yifan and Ma, Xiaoxue and Jin, Zhi and Li, Ge},
  journal={Proceedings of the ACM on Software Engineering},
  volume={1},
  number={FSE},
  pages={1585--1608},
  year={2024},
  publisher={ACM New York, NY, USA}
}

@misc{git,
      title={git},
      year={2024},
      howpublished = {\url{https://github.com/git-guides}}
}

@misc{pip,
      title={pip},
      year={2024},
      howpublished = {\url{https://pypi.org/project/pip/}}
}

@misc{python27,
      title={python27},
      year={2024},
      howpublished = {\url{https://www.python.org/download/releases/2.7/}}
}

@misc{python310,
      title={python310},
      year={2024},
      howpublished = {\url{https://www.python.org/downloads/release/python-3100/}}
}

@misc{jdk11,
      title={jdk11},
      year={2024},
      howpublished = {\url{https://www.oracle.com/cn/java/technologies/javase/jdk11-archive-downloads.html}}
}

@misc{deepseekWebpage,
      title={deepseekWebpage},
      year={2024},
      howpublished = {\url{https://www.deepseek.com/en}}
}

@misc{maven2CenterWebpage,
      title={maven2CenterWebpage},
      year={2024},
      howpublished = {\url{https://repo.maven.apache.org/maven2}}
}

@misc{CodeLlama-34B-Instruct,
      title={CodeLlama-34B-Instruct},
      year={2024},
      howpublished = {\url{https://huggingface.co/meta-llama/CodeLlama-34b-Instruct-hf}}
}

@misc{DeepSeek-Coder-V2-Instruct,
      title={DeepSeek-Coder-V2-Instruct},
      year={2024},
      howpublished = {\url{https://huggingface.co/deepseek-ai/DeepSeek-Coder-V2-Instruct}}
}

@misc{Codestral-22B,
      title={Codestral-22B},
      year={2024},
      howpublished = {\url{https://huggingface.co/mistralai/Codestral-22B-v0.1}}
}


@article{wang2024agents,
  title={Agents in Software Engineering: Survey, Landscape, and Vision},
  author={Wang, Yanlin and Zhong, Wanjun and Huang, Yanxian and Shi, Ensheng and Yang, Min and Chen, Jiachi and Li, Hui and Ma, Yuchi and Wang, Qianxiang and Zheng, Zibin},
  journal={arXiv preprint arXiv:2409.09030},
  year={2024}
}

@misc{zhang2024llmhallucinationspracticalcode,
      title={LLM Hallucinations in Practical Code Generation: Phenomena, Mechanism, and Mitigation}, 
      author={Ziyao Zhang and Yanlin Wang and Chong Wang and Jiachi Chen and Zibin Zheng},
      year={2024},
      eprint={2409.20550},
      archivePrefix={arXiv},
      primaryClass={cs.SE},
      url={https://arxiv.org/abs/2409.20550}, 
}

@misc{wang2024rlcoderreinforcementlearningrepositorylevel,
      title={RLCoder: Reinforcement Learning for Repository-Level Code Completion}, 
      author={Yanlin Wang and Yanli Wang and Daya Guo and Jiachi Chen and Ruikai Zhang and Yuchi Ma and Zibin Zheng},
      year={2024},
      eprint={2407.19487},
      archivePrefix={arXiv},
      primaryClass={cs.SE},
      url={https://arxiv.org/abs/2407.19487}, 
}

@misc{tao2024magisllmbasedmultiagentframework,
      title={MAGIS: LLM-Based Multi-Agent Framework for GitHub Issue Resolution}, 
      author={Wei Tao and Yucheng Zhou and Yanlin Wang and Wenqiang Zhang and Hongyu Zhang and Yu Cheng},
      year={2024},
      eprint={2403.17927},
      archivePrefix={arXiv},
      primaryClass={cs.SE},
      url={https://arxiv.org/abs/2403.17927}, 
}

@misc{guo2024stopefficientcodegeneration,
      title={When to Stop? Towards Efficient Code Generation in LLMs with Excess Token Prevention}, 
      author={Lianghong Guo and Yanlin Wang and Ensheng Shi and Wanjun Zhong and Hongyu Zhang and Jiachi Chen and Ruikai Zhang and Yuchi Ma and Zibin Zheng},
      year={2024},
      eprint={2407.20042},
      archivePrefix={arXiv},
      primaryClass={cs.SE},
      url={https://arxiv.org/abs/2407.20042}, 
}

@inproceedings{Chen2024Identifying, series={ISSTA ’24},
   title={Identifying Smart Contract Security Issues in Code Snippets from Stack Overflow},
   url={http://dx.doi.org/10.1145/3650212.3680353},
   DOI={10.1145/3650212.3680353},
   booktitle={Proceedings of the 33rd ACM SIGSOFT International Symposium on Software Testing and Analysis},
   publisher={ACM},
   author={Chen, Jiachi and Chen, Chong and Hu, Jiang and Grundy, John and Wang, Yanlin and Chen, Ting and Zheng, Zibin},
   year={2024},
   month=sep, pages={1198–1210},
   collection={ISSTA ’24} 
}

@inproceedings{Chen2024RMCBench, series={ASE ’24},
   title={RMCBench: Benchmarking Large Language Models’ Resistance to Malicious Code},
   url={http://dx.doi.org/10.1145/3691620.3695480},
   DOI={10.1145/3691620.3695480},
   booktitle={Proceedings of the 39th IEEE/ACM International Conference on Automated Software Engineering},
   publisher={ACM},
   author={Chen, Jiachi and Zhong, Qingyuan and Wang, Yanlin and Ning, Kaiwen and Liu, Yongkun and Xu, Zenan and Zhao, Zhe and Chen, Ting and Zheng, Zibin},
   year={2024},
   month=oct, pages={995–1006},
   collection={ASE ’24} 
}

@misc{wang2024functionalcorrectnessinvestigatingcoding,
      title={Beyond Functional Correctness: Investigating Coding Style Inconsistencies in Large Language Models}, 
      author={Yanlin Wang and Tianyue Jiang and Mingwei Liu and Jiachi Chen and Zibin Zheng},
      year={2024},
      eprint={2407.00456},
      archivePrefix={arXiv},
      primaryClass={cs.SE},
      url={https://arxiv.org/abs/2407.00456}, 
}

@misc{zhang2024demystifyingdetectingcryptographicdefects,
      title={Demystifying and Detecting Cryptographic Defects in Ethereum Smart Contracts}, 
      author={Jiashuo Zhang and Yiming Shen and Jiachi Chen and Jianzhong Su and Yanlin Wang and Ting Chen and Jianbo Gao and Zhong Chen},
      year={2024},
      eprint={2408.04939},
      archivePrefix={arXiv},
      primaryClass={cs.CR},
      url={https://arxiv.org/abs/2408.04939}, 
}

@misc{yang2024hyperionunveilingdappinconsistencies,
      title={Hyperion: Unveiling DApp Inconsistencies using LLM and Dataflow-Guided Symbolic Execution}, 
      author={Shuo Yang and Xingwei Lin and Jiachi Chen and Qingyuan Zhong and Lei Xiao and Renke Huang and Yanlin Wang and Zibin Zheng},
      year={2024},
      eprint={2408.06037},
      archivePrefix={arXiv},
      primaryClass={cs.SE},
      url={https://arxiv.org/abs/2408.06037}, 
}

@misc{gong2024cosqaenhancingcodesearch,
      title={CoSQA+: Enhancing Code Search Dataset with Matching Code}, 
      author={Jing Gong and Yanghui Wu and Linxi Liang and Zibin Zheng and Yanlin Wang},
      year={2024},
      eprint={2406.11589},
      archivePrefix={arXiv},
      primaryClass={cs.SE},
      url={https://arxiv.org/abs/2406.11589}, 
}

@misc{bi2022makeheterophilygraphsbetter,
      title={Make Heterophily Graphs Better Fit GNN: A Graph Rewiring Approach}, 
      author={Wendong Bi and Lun Du and Qiang Fu and Yanlin Wang and Shi Han and Dongmei Zhang},
      year={2022},
      eprint={2209.08264},
      archivePrefix={arXiv},
      primaryClass={cs.LG},
      url={https://arxiv.org/abs/2209.08264}, 
}

@misc{hu2024tacklinglongcodesearch,
      title={Tackling Long Code Search with Splitting, Encoding, and Aggregating}, 
      author={Fan Hu and Yanlin Wang and Lun Du and Hongyu Zhang and Shi Han and Dongmei Zhang and Xirong Li},
      year={2024},
      eprint={2208.11271},
      archivePrefix={arXiv},
      primaryClass={cs.SE},
      url={https://arxiv.org/abs/2208.11271}, 
}

@misc{liu2024empiricalstudylowcode,
      title={An Empirical Study on Low Code Programming using Traditional vs Large Language Model Support}, 
      author={Yongkun Liu and Jiachi Chen and Tingting Bi and John Grundy and Yanlin Wang and Jianxing Yu and Ting Chen and Yutian Tang and Zibin Zheng},
      year={2024},
      eprint={2402.01156},
      archivePrefix={arXiv},
      primaryClass={cs.SE},
      url={https://arxiv.org/abs/2402.01156}, 
}

@misc{tao2024kadelknowledgeawaredenoisinglearning,
      title={KADEL: Knowledge-Aware Denoising Learning for Commit Message Generation}, 
      author={Wei Tao and Yucheng Zhou and Yanlin Wang and Hongyu Zhang and Haofen Wang and Wenqiang Zhang},
      year={2024},
      eprint={2401.08376},
      archivePrefix={arXiv},
      primaryClass={cs.SE},
      url={https://arxiv.org/abs/2401.08376}, 
}

@misc{wang2024sparsecoderidentifierawaresparsetransformer,
      title={SparseCoder: Identifier-Aware Sparse Transformer for File-Level Code Summarization}, 
      author={Yanlin Wang and Yanxian Huang and Daya Guo and Hongyu Zhang and Zibin Zheng},
      year={2024},
      eprint={2401.14727},
      archivePrefix={arXiv},
      primaryClass={cs.SE},
      url={https://arxiv.org/abs/2401.14727}, 
}

@misc{zhou2023adaptivesolverframeworkdynamicstrategy,
      title={Adaptive-Solver Framework for Dynamic Strategy Selection in Large Language Model Reasoning}, 
      author={Jianpeng Zhou and Wanjun Zhong and Yanlin Wang and Jiahai Wang},
      year={2023},
      eprint={2310.01446},
      archivePrefix={arXiv},
      primaryClass={cs.CL},
      url={https://arxiv.org/abs/2310.01446}, 
}

@misc{shi2023sotanaopensourcesoftwaredevelopment,
      title={SoTaNa: The Open-Source Software Development Assistant}, 
      author={Ensheng Shi and Fengji Zhang and Yanlin Wang and Bei Chen and Lun Du and Hongyu Zhang and Shi Han and Dongmei Zhang and Hongbin Sun},
      year={2023},
      eprint={2308.13416},
      archivePrefix={arXiv},
      primaryClass={cs.SE},
      url={https://arxiv.org/abs/2308.13416}, 
}

@misc{zheng2024surveylargelanguagemodels,
      title={A Survey of Large Language Models for Code: Evolution, Benchmarking, and Future Trends}, 
      author={Zibin Zheng and Kaiwen Ning and Yanlin Wang and Jingwen Zhang and Dewu Zheng and Mingxi Ye and Jiachi Chen},
      year={2024},
      eprint={2311.10372},
      archivePrefix={arXiv},
      primaryClass={cs.SE},
      url={https://arxiv.org/abs/2311.10372}, 
}

@misc{chen2024chatgptmeetssmartcontract,
      title={When ChatGPT Meets Smart Contract Vulnerability Detection: How Far Are We?}, 
      author={Chong Chen and Jianzhong Su and Jiachi Chen and Yanlin Wang and Tingting Bi and Jianxing Yu and Yanli Wang and Xingwei Lin and Ting Chen and Zibin Zheng},
      year={2024},
      eprint={2309.05520},
      archivePrefix={arXiv},
      primaryClass={cs.SE},
      url={https://arxiv.org/abs/2309.05520}, 
}

@misc{shi2023efficientfinetuningpretrainedcode,
      title={Towards Efficient Fine-tuning of Pre-trained Code Models: An Experimental Study and Beyond}, 
      author={Ensheng Shi and Yanlin Wang and Hongyu Zhang and Lun Du and Shi Han and Dongmei Zhang and Hongbin Sun},
      year={2023},
      eprint={2304.05216},
      archivePrefix={arXiv},
      primaryClass={cs.SE},
      url={https://arxiv.org/abs/2304.05216}, 
}

@misc{ning2024mcgmarkencodablerobustonline,
      title={MCGMark: An Encodable and Robust Online Watermark for LLM-Generated Malicious Code}, 
      author={Kaiwen Ning and Jiachi Chen and Qingyuan Zhong and Tao Zhang and Yanlin Wang and Wei Li and Yu Zhang and Weizhe Zhang and Zibin Zheng},
      year={2024},
      eprint={2408.01354},
      archivePrefix={arXiv},
      primaryClass={cs.CR},
      url={https://arxiv.org/abs/2408.01354}, 
}

@misc{zheng2024understandinglargelanguagemodels,
      title={Towards an Understanding of Large Language Models in Software Engineering Tasks}, 
      author={Zibin Zheng and Kaiwen Ning and Qingyuan Zhong and Jiachi Chen and Wenqing Chen and Lianghong Guo and Weicheng Wang and Yanlin Wang},
      year={2024},
      eprint={2308.11396},
      archivePrefix={arXiv},
      primaryClass={cs.SE},
      url={https://arxiv.org/abs/2308.11396}, 
}

@misc{hendrycks2021measuringcodingchallengecompetence,
      title={Measuring Coding Challenge Competence With APPS}, 
      author={Dan Hendrycks and Steven Basart and Saurav Kadavath and Mantas Mazeika and Akul Arora and Ethan Guo and Collin Burns and Samir Puranik and Horace He and Dawn Song and Jacob Steinhardt},
      year={2021},
      eprint={2105.09938},
      archivePrefix={arXiv},
      primaryClass={cs.SE},
      url={https://arxiv.org/abs/2105.09938}, 
}

@article{austin2021program,
  title={Program synthesis with large language models},
  author={Austin, Jacob and Odena, Augustus and Nye, Maxwell and Bosma, Maarten and Michalewski, Henryk and Dohan, David and Jiang, Ellen and Cai, Carrie and Terry, Michael and Le, Quoc and others},
  journal={arXiv preprint arXiv:2108.07732},
  year={2021}
}

@inproceedings{liu2023syntax,
  title={Syntax and domain aware model for unsupervised program translation},
  author={Liu, Fang and Li, Jia and Zhang, Li},
  booktitle={2023 IEEE/ACM 45th International Conference on Software Engineering (ICSE)},
  pages={755--767},
  year={2023},
  organization={IEEE}
}
